%! Author = Sebastian Peschke
%! Date = 1.1.2023

@online{auto-update-config,
    author = {Chris Goff},
    title = {Konfigurationsdatei für Autoupdates},
    date = {\today},
    url = {https://gitlab.com/cgoff/raspberry-pi-hardening/blob/master/unattended-upgrades-config/50unattended-upgrades},
}

@online{ufw-doc,
    author = {manpages},
    title = {Manpage für UFW},
    date = {\today},
    url = {https://manpages.ubuntu.com/manpages/bionic/en/man8/ufw.8.html},
}